%%
%% This is file `example/pubs.bib',
%% generated with the docstrip utility.
%%
%% The original source files were:
%%
%% install/buptgraduatethesis.dtx  (with options: `pubs-bib')
%% 
%% This file is a part of the example of BUPTGraduateThesis.
%% 

%% 这是为评审版本自动产生作者位次专用的 BibTeX 条目
%% 不要更改条目名称 BSTpeerreview
%% 如果学位论文作者在发表论文列表中的作者排名有超过 3 的, 其姓名将不会出现在论文列表中
%% 设置下面的数值可以改变发表论文列表中作者姓名显示的最大数目

@inproceedings{DBLP:conf/sigir/WangYNZZN18,
  author    = {Pengfei Wang and
               Ze Yang and
               Shuzi Niu and
               Yongfeng Zhang and
               Lei Zhang and
               ShaoZhang Niu},
  title     = {Modeling Dynamic Pairwise Attention for Crime Classification over
               Legal Articles},
  booktitle = {The 41st International {ACM} {SIGIR} Conference on Research {\&}
               Development in Information Retrieval ({SIGIR} 2018), Ann Arbor, MI,
               USA, July 08-12, 2018},
  pages     = {485--494},
  year      = {2018}
}

@inproceedings{WangYNZZN19,
  author    = {Pengfei Wang and 
               Yu Fan and 
               Yongfeng Zhang and
               Shuzi Niu and
               Ze Yang and 
               Jiafeng Guo},
  title     = {Hierarchical Matching Network for Crime Classification},
  booktitle = {the 42nd International ACM SIGIR Conference on Research and Development in Information Retrieval (SIGIR 2019), July 21 - 25, 2019, Paris, France}
}

@article{DBLP:journals/corr/abs-1904-09636,
  author    = {Ze Yang and
               Linjun Shou and
               Ming Gong and
               Wutao Lin and
               Daxin Jiang},
  title     = {Model Compression with Multi-Task Knowledge Distillation for Web-scale
               Question Answering System},
  journal   = {CoRR},
  volume    = {abs/1904.09636},
  year      = {2019}
}

@article{DBLP:journals/corr/abs-1904-09535,
  author    = {Ming Gong and
               Linjun Shou and
               Wutao Lin and
               Zhijie Sang and
               Quanjia Yan and
               Ze Yang and
               Daxin Jiang},
  title     = {NeuronBlocks - Building Your {NLP} {DNN} Models Like Playing Lego},
  journal   = {CoRR},
  volume    = {abs/1904.09535},
  year      = {2019}
}

@inproceedings{0002PZ18,
  author    = {Ze Yang and 
               Pengfei Wang and
               Lei Zhang},
  title     = {A Recurrent Attention Network for Judgment Classification},
  booktitle = {（在投）},
  year      = {2019}
}
